<record><leader>00000cas a22000007a 4500</leader><controlfield tag="001">14162295</controlfield><controlfield tag="008">860829d19271928wiucr ne      0    0ger d</controlfield><datafield ind1=" " ind2=" " tag="010"><subfield code="a">sn 86086536 </subfield></datafield><datafield ind1=" " ind2=" " tag="040"><subfield code="a">NPV</subfield><subfield code="b">eng</subfield><subfield code="c">NPV</subfield><subfield code="d">OCLCQ</subfield></datafield><datafield ind1=" " ind2=" " tag="042"><subfield code="a">msc</subfield></datafield><datafield ind1=" " ind2=" " tag="045"><subfield code="a">x2x2</subfield></datafield><datafield ind1=" " ind2=" " tag="052"><subfield code="a">4123</subfield><subfield code="b">S6</subfield></datafield><datafield ind1="0" ind2=" " tag="130"><subfield code="a">National demokrat und Sheboygan zeitung (Sheboygan, Wis. : 1927)</subfield></datafield><datafield ind1="1" ind2="0" tag="245"><subfield code="a">National demokrat und Sheboygan zeitung.</subfield></datafield><datafield ind1="3" ind2="0" tag="246"><subfield code="a">National demokrat</subfield></datafield><datafield ind1="3" ind2="0" tag="246"><subfield code="a">Sheboygan zeitung</subfield></datafield><datafield ind1=" " ind2=" " tag="260"><subfield code="a">Sheboygan, Wis. :</subfield><subfield code="b">Sheboygan Pub.,</subfield><subfield code="c">1927-1928.</subfield></datafield><datafield ind1=" " ind2=" " tag="300"><subfield code="a">v. :</subfield><subfield code="b">ill.</subfield></datafield><datafield ind1=" " ind2=" " tag="310"><subfield code="a">Semiweekly</subfield></datafield><datafield ind1="0" ind2=" " tag="362"><subfield code="a">69. Jahrg., no. 55 (13 April, 1927)-71. jahrg., no. 48 (7 Sept., 1928).</subfield></datafield><datafield ind1=" " ind2=" " tag="525"><subfield code="a">Supplements accompany some issues.</subfield></datafield><datafield ind1=" " ind2=" " tag="530"><subfield code="a">Available on microfilm from The State Historical Society of Wisconsin.</subfield></datafield><datafield ind1=" " ind2=" " tag="752"><subfield code="a">United States</subfield><subfield code="b">Wisconsin</subfield><subfield code="c">Sheboygan</subfield><subfield code="d">Sheboygan.</subfield></datafield><datafield ind1="0" ind2="0" tag="780"><subfield code="t">National demokrat</subfield><subfield code="w">(DLC)sn 86086535</subfield></datafield><datafield ind1="0" ind2="0" tag="785"><subfield code="t">National demokrat, Sheboygan zeitung und Port Washington zeitung</subfield><subfield code="w">(DLC)sn 86086537</subfield></datafield></record>